<record><leader>00000cas a22000007a 4500</leader><controlfield tag="001">8289811</controlfield><controlfield tag="008">820330d18841885ohuwr ne      0   a0eng d</controlfield><datafield ind1=" " ind2=" " tag="010"><subfield code="a">sn 84028707 </subfield></datafield><datafield ind1=" " ind2=" " tag="040"><subfield code="a">MIA</subfield><subfield code="b">eng</subfield><subfield code="c">MIA</subfield><subfield code="d">NPY</subfield><subfield code="d">ONP</subfield><subfield code="d">OCLCQ</subfield></datafield><datafield ind1=" " ind2=" " tag="042"><subfield code="a">msc</subfield></datafield><datafield ind1=" " ind2=" " tag="090"><subfield code="a">AP2</subfield><subfield code="b">.W44x</subfield></datafield><datafield ind1="0" ind2="4" tag="245"><subfield code="a">The Cincinnati graphic.</subfield></datafield><datafield ind1=" " ind2=" " tag="260"><subfield code="a">Cincinnati [Ohio] :</subfield><subfield code="b">Hall, Weisbrodt &amp; Co.,</subfield><subfield code="c">1884-1885.</subfield></datafield><datafield ind1=" " ind2=" " tag="300"><subfield code="a">3 v. :</subfield><subfield code="b">ill. ;</subfield><subfield code="c">41 cm.</subfield></datafield><datafield ind1=" " ind2=" " tag="310"><subfield code="a">Weekly</subfield></datafield><datafield ind1="0" ind2=" " tag="362"><subfield code="a">Vol. 1, no. 1 (Sept. 20, 1884)-v. 3, no. 23 (June 6, 1885).</subfield></datafield><datafield ind1=" " ind2=" " tag="500"><subfield code="a">Vol. 1, no. 7-v. 3, no. 23 published by O.O. Hall &amp; Co.</subfield></datafield><datafield ind1=" " ind2=" " tag="752"><subfield code="a">United States</subfield><subfield code="b">Ohio</subfield><subfield code="c">Hamilton</subfield><subfield code="d">Cincinnati.</subfield></datafield><datafield ind1="0" ind2="0" tag="785"><subfield code="t">Graphic (Cincinnati, Ohio)</subfield><subfield code="w">(DLC)sn 84024230</subfield></datafield></record>